<record><leader>00000cas a22000007a 4500</leader><controlfield tag="001">14697029</controlfield><controlfield tag="008">861110d19591960wiuwr ne      0    0eng d</controlfield><datafield ind1=" " ind2=" " tag="010"><subfield code="a">sn 86086773 </subfield></datafield><datafield ind1=" " ind2=" " tag="040"><subfield code="a">NPV</subfield><subfield code="b">eng</subfield><subfield code="c">NPV</subfield><subfield code="d">OCLCQ</subfield></datafield><datafield ind1=" " ind2=" " tag="042"><subfield code="a">msc</subfield></datafield><datafield ind1="0" ind2=" " tag="130"><subfield code="a">Witness (Thiensville, Wis.)</subfield></datafield><datafield ind1="1" ind2="0" tag="245"><subfield code="a">Witness.</subfield></datafield><datafield ind1=" " ind2=" " tag="260"><subfield code="a">Thiensville, Wis. :</subfield><subfield code="b">Schanen &amp; Schanen,</subfield><subfield code="c">1959-1960.</subfield></datafield><datafield ind1=" " ind2=" " tag="300"><subfield code="a">v.</subfield></datafield><datafield ind1=" " ind2=" " tag="310"><subfield code="a">Weekly</subfield></datafield><datafield ind1="0" ind2=" " tag="362"><subfield code="a">Vol. 2, no. 34 (Jan. 30, 1959)-v. 3, no. 38 (Feb. 26, 1960).</subfield></datafield><datafield ind1=" " ind2=" " tag="752"><subfield code="a">United States</subfield><subfield code="b">Wisconsin</subfield><subfield code="c">Ozaukee</subfield><subfield code="d">Thiensville.</subfield></datafield><datafield ind1=" " ind2=" " tag="752"><subfield code="a">United States</subfield><subfield code="b">Wisconsin</subfield><subfield code="c">Ozaukee</subfield><subfield code="d">Mequon.</subfield></datafield><datafield ind1="0" ind2="0" tag="780"><subfield code="t">Weekly witness (Thiensville, Wis. : 1958)</subfield><subfield code="w">(DLC)sn 86086772</subfield><subfield code="w">(OCoLC)14697012</subfield></datafield><datafield ind1="0" ind2="0" tag="785"><subfield code="t">Weekly witness (Thiensville, Wis. : 1960)</subfield><subfield code="w">(DLC)sn 86086774</subfield><subfield code="w">(OCoLC)14697037</subfield></datafield></record>